<?xml version="1.0" encoding="utf-8"?>
<record xmlns="http://www.loc.gov/MARC21/slim" xmlns:xsi="http://www.w3.org/2001/XMLSchema-instance" xsi:schemaLocation="http://www.loc.gov/MARC21/slim http://www.loc.gov/standards/marcxml/schema/MARC21slim.xsd">
	<leader>     nam a22     Mi 4500</leader>
	<controlfield tag="001">3063597</controlfield>
	<controlfield tag="003">NNC</controlfield>
	<controlfield tag="006">m        d        </controlfield>
	<controlfield tag="007">cr cn |||m|||a</controlfield>
	<controlfield tag="008">190517m18951896ua      o     000 0 ara d</controlfield>
	<datafield ind1=" " ind2=" " tag="040">
		<subfield code="a">ZYU</subfield>
		<subfield code="b">ara</subfield>
		<subfield code="e">rda</subfield>
		<subfield code="c">ZYU</subfield>
	</datafield>
	<datafield ind1="1" ind2=" " tag="100">
		<subfield code="a">Siddīqī al-Baghdādī, ʻAbd-Allāh ʻAlāʼ-al-dīn al-,</subfield>
		<subfield code="c">of Delhi,</subfield>
		<subfield code="d">f. 19th century.</subfield>
	</datafield>
	<datafield ind1="1" ind2="0" tag="245">
		<subfield code="a">Kitāb al-Durrah al-sanīyah fī al-radd ʻalāʹal-māddīyah wa-ʼithbāt al-nawāmīs al-sharʻīyah fī ʹal-adillah al-ʻaqlīyah,</subfield>
		<subfield code="c">taʼlīf ʻAbd-Allāh ʻAlāʼ-al-Dīn al-Baghdādī al-Dihlawī al-Ṣiddīqī al-Ḥanafī. Waqad ḥulliya hāmishuhū bikitābain jalīlain: aḥaduhumā, Masālik al-ʻirfān fī futūḥ al-Raḥmān; waʹl-thānī, al-Inṣāf fīʹl-rafʻ al-iʻtisāf; wakilāhumā min taʼlīf al-muʼallif al-madhkūr.</subfield>
	</datafield>
	<datafield ind1=" " ind2=" " tag="260">
		<subfield code="a">Miṣr,</subfield>
		<subfield code="b">al-Maṭb. al-ʻUmūmīyah,</subfield>
		<subfield code="c">1313 [1895/96]</subfield>
	</datafield>
	<datafield ind1=" " ind2=" " tag="300">
		<subfield code="a">online resource (192 pages)</subfield>
	</datafield>
	<datafield ind1=" " ind2=" " tag="336">
		<subfield code="a">text</subfield>
		<subfield code="2">rdacontent</subfield>
	</datafield>
	<datafield ind1=" " ind2=" " tag="337">
		<subfield code="a">computer</subfield>
		<subfield code="2">rdamedia</subfield>
	</datafield>
	<datafield ind1=" " ind2=" " tag="338">
		<subfield code="a">online resource</subfield>
		<subfield code="2">rdacarrier</subfield>
	</datafield>
	<datafield ind1=" " ind2=" " tag="500">
		<subfield code="a">Part of the Arabic Collections Online (ACO) project, contributed by Columbia University Libraries.</subfield>
	</datafield>
	<datafield ind1=" " ind2=" " tag="533">
		<subfield code="a">Electronic reproduction.</subfield>
		<subfield code="b">New York, N.Y. :</subfield>
		<subfield code="c">New York University,</subfield>
		<subfield code="d">2019.</subfield>
		<subfield code="5">NNU</subfield>
	</datafield>
	<datafield ind1="2" ind2=" " tag="710">
		<subfield code="a">Columbia University.</subfield>
		<subfield code="b">Libraries.</subfield>
	</datafield>
	<datafield ind1="0" ind2=" " tag="730">
		<subfield code="a">Arabic Collections Online.</subfield>
	</datafield>
	<datafield ind1="0" ind2="8" tag="776">
		<subfield code="i">Print version:</subfield>
		<subfield code="a">Siddīqī al-Baghdādī, ʻAbd-Allāh ʻAlāʼ-al-dīn al-, of Delhi, f. 19th century.</subfield>
		<subfield code="t">Kitāb al-Durrah al-sanīyah fī al-radd ʻalāʹal-māddīyah wa-ʼithbāt al-nawāmīs al-sharʻīyah fī ʹal-adillah al-ʻaqlīyah</subfield>
		<subfield code="w">(NNC)3063597</subfield>
		<subfield code="w">(OCoLC)47760710</subfield>
	</datafield>
	<datafield ind1="4" ind2="0" tag="856">
		<subfield code="u">http://hdl.handle.net/2333.1/c2fqzfhw</subfield>
	</datafield>
	<datafield ind1=" " ind2=" " tag="959">
		<subfield code="a">NNU</subfield>
		<subfield code="b">WEB</subfield>
		<subfield code="c">GENI</subfield>
		<subfield code="t">0</subfield>
		<subfield code="m">Electronic access</subfield>
		<subfield code="s">01</subfield>
	</datafield>
	<datafield ind1=" " ind2=" " tag="999">
		<subfield code="i">NNC_3063597</subfield>
		<subfield code="o">(OCoLC)ocm47760710 </subfield>
		<subfield code="s">columbia_aco003465</subfield>
		<subfield code="e">(ERROR-880)(ERROR-MISC)</subfield>
	</datafield>
</record>
